@BOOK {libro:ejemplo_dos_autores,
    author    = "Apellido, Nombre. and  Apellido, Nombre.",
    title     = "Título del Libro",
    publisher = "Editorial o universidad que lo publicó",
    year      = "2001",
    month     = "mar"
}

